
@inproceedings{SMC22,
  TITLE = {{Faust2FPGA for Ultra-Low Audio Latency: Preliminary work in the Syfala project}},
  AUTHOR = {Risset, Tanguy and Michon, Romain and Orlarey, Yann and Letz, St{\'e}phane and M{\"u}ller, Gero and Gbadamosi, Adeyemi},
  URL = {https://hal.inria.fr/hal-03116958},
  BOOKTITLE = {{IFC 2020 - Second International Faust ConferenceInternationnal Faust Conference}},
  ADDRESS = {Paris, France},
  PAGES = {1-9},
  YEAR = {2020},
  MONTH = Dec,
  PDF = {https://hal.inria.fr/hal-03116958/file/IFC-20.pdf},
  HAL_ID = {hal-03116958},
  HAL_VERSION = {v1},
}

@misc{syfala,
  title = {Syfala Git Site},
  howpublished = {\url{https://gitlab.inria.fr/risset/syfala}}
}
@misc{faust,
  title = {faust Git Site},
  howpublished = {\url{https://github.com/grame-cncm/faust}}
}
@misc{vivado,
  title = {vivado Download site},
  howpublished = {\url{https://www.xilinx.com/support/download.html}}
}

@misc{adeyemi,
  title = {Low latency audio processing on FPGA by high level synthesis},
  author = {Adeyemi Gbadamosi},
  howpublished = {University of Burgundy, Master's Thesis},
  date=2019,
}


@misc{ssm2603,
  title = {Low Power Audio Codec SSM2603 Data Sheet},
  author = {Analog Devices},
  howpublished = {\url{https://www.analog.com/en/products/ssm2603.html}},
  date=2019
}

@inproceedings{Risset20,
  author = {T. Risset and R. Michon and Y. Orlarey and S. Letz and G. MÃ¼ller and A. Gbadamosi},
  title = {faust2fpga for Ultra-Low Audio Latency: Preliminary Work in the SyFaLa Project},
  booktitle = {Proceedings of the International Faust Conference (IFC-20)},
  address={Paris (France)},
  year = {2020}  
}
